% EMOTIONAL INTELLIGENCE & AFFECTIVE COMPUTING

@book{goleman1995emotional,
  title={Emotional Intelligence: Why It Can Matter More Than IQ},
  author={Goleman, Daniel},
  year={1995},
  publisher={Bantam Books},
  address={New York},
  url={https://www.worldcat.org/title/emotional-intelligence-why-it-can-matter-more-than-iq/oclc/32430189}
}

@book{ledoux1996emotional,
  title={The Emotional Brain: The Mysterious Underpinnings of Emotional Life},
  author={LeDoux, Joseph},
  year={1996},
  publisher={Simon \& Schuster},
  address={New York},
  url={https://www.worldcat.org/title/emotional-brain-the-mysterious-underpinnings-of-emotional-life/oclc/33946755}
}

@book{picard2000affective,
  title={Affective Computing},
  author={Picard, Rosalind W.},
  year={2000},
  publisher={MIT Press},
  address={Cambridge, MA},
  url={https://mitpress.mit.edu/9780262661157/affective-computing/}
}

@inproceedings{schmidt2018introducing,
  title={Introducing WESAD, a Multimodal Dataset for Wearable Stress and Affect Detection},
  author={Schmidt, Philip and Reiss, Attila and Duerichen, Robert and Marberger, Claus and Van Laerhoven, Kristof},
  booktitle={Proceedings of the 20th ACM International Conference on Multimodal Interaction},
  pages={400--408},
  year={2018},
  organization={ACM},
  doi={10.1145/3242969.3242985},
  url={https://doi.org/10.1145/3242969.3242985}
}

@article{kreibig2010autonomic,
  title={Autonomic Nervous System Activity in Emotion: A Review},
  author={Kreibig, Sylvia D.},
  journal={Biological Psychology},
  volume={84},
  number={3},
  pages={394--421},
  year={2010},
  publisher={Elsevier},
  doi={10.1016/j.biopsycho.2010.03.010},
  url={https://doi.org/10.1016/j.biopsycho.2010.03.010}
}

@article{martinez2019facial,
  title={Facial Emotion Recognition Using Convolutional Neural Networks (FERC)},
  author={Martinez, Aleix M.},
  journal={Neural Networks},
  volume={120},
  pages={98--108},
  year={2019},
  publisher={Elsevier},
  doi={10.1016/j.neunet.2019.08.015},
  url={https://doi.org/10.1016/j.neunet.2019.08.015}
}

@book{barrett2017emotions,
  title={How Emotions Are Made: The Secret Life of the Brain},
  author={Barrett, Lisa Feldman},
  year={2017},
  publisher={Houghton Mifflin Harcourt},
  address={Boston},
  url={https://www.worldcat.org/title/how-emotions-are-made-the-secret-life-of-the-brain/oclc/957150450}
}

@incollection{gross1998antecedent,
  title={The Emerging Field of Emotion Regulation: An Integrative Review},
  author={Gross, James J.},
  booktitle={Review of General Psychology},
  volume={2},
  number={3},
  pages={271--299},
  year={1998},
  publisher={American Psychological Association},
  doi={10.1037/1089-2680.2.3.271},
  url={https://doi.org/10.1037/1089-2680.2.3.271}
}

@article{ekman1992argument,
  title={An Argument for Basic Emotions},
  author={Ekman, Paul},
  journal={Cognition \& Emotion},
  volume={6},
  number={3-4},
  pages={169--200},
  year={1992},
  publisher={Taylor \& Francis},
  doi={10.1080/02699939208411068},
  url={https://doi.org/10.1080/02699939208411068}
}

% QUANTUM MACHINE LEARNING

@article{biamonte2017quantum,
  title={Quantum Machine Learning},
  author={Biamonte, Jacob and Wittek, Peter and Pancotti, Nicola and Rebentrost, Patrick and Wiebe, Nathan and Lloyd, Seth},
  journal={Nature},
  volume={549},
  number={7671},
  pages={195--202},
  year={2017},
  publisher={Nature Publishing Group},
  doi={10.1038/nature23474},
  url={https://doi.org/10.1038/nature23474}
}

@book{schuld2021machine,
  title={Machine Learning with Quantum Computers},
  author={Schuld, Maria and Petruccione, Francesco},
  year={2021},
  publisher={Springer},
  address={Cham, Switzerland},
  doi={10.1007/978-3-030-83098-4},
  url={https://doi.org/10.1007/978-3-030-83098-4}
}

@article{havlicek2019supervised,
  title={Supervised Learning with Quantum-Enhanced Feature Spaces},
  author={Havl{\'\i}{\v{c}}ek, Vojt{\v{e}}ch and C{\'o}rcoles, Antonio D. and Temme, Kristan and Harrow, Aram W. and Kandala, Abhinav and Chow, Jerry M. and Gambetta, Jay M.},
  journal={Nature},
  volume={567},
  number={7747},
  pages={209--212},
  year={2019},
  publisher={Nature Publishing Group},
  doi={10.1038/s41586-019-0980-2},
  url={https://doi.org/10.1038/s41586-019-0980-2}
}

@article{mcclean2016theory,
  title={The Theory of Variational Hybrid Quantum-Classical Algorithms},
  author={McClean, Jarrod R. and Romero, Jonathan and Babbush, Ryan and Aspuru-Guzik, Al{\'a}n},
  journal={New Journal of Physics},
  volume={18},
  number={2},
  pages={023023},
  year={2016},
  publisher={IOP Publishing},
  doi={10.1088/1367-2630/18/2/023023},
  url={https://doi.org/10.1088/1367-2630/18/2/023023}
}

@article{farhi2018classification,
  title={Classification with Quantum Neural Networks on Near Term Processors},
  author={Farhi, Edward and Neven, Hartmut},
  journal={arXiv preprint arXiv:1802.06002},
  year={2018},
  url={https://arxiv.org/abs/1802.06002}
}

@article{benedetti2019parameterized,
  title={Parameterized Quantum Circuits as Machine Learning Models},
  author={Benedetti, Marcello and Lloyd, Erika and Sack, Stefan and Fiorentini, Mattia},
  journal={Quantum Science and Technology},
  volume={4},
  number={4},
  pages={043001},
  year={2019},
  publisher={IOP Publishing},
  doi={10.1088/2058-9565/ab4eb5},
  url={https://doi.org/10.1088/2058-9565/ab4eb5}
}

@article{huang2021power,
  title={Power of Data in Quantum Machine Learning},
  author={Huang, Hsin-Yuan and Broughton, Michael and Mohseni, Masoud and Babbush, Ryan and Boixo, Sergio and Neven, Hartmut and McClean, Jarrod R.},
  journal={Nature Communications},
  volume={12},
  number={1},
  pages={2631},
  year={2021},
  publisher={Nature Publishing Group},
  doi={10.1038/s41467-021-22539-9},
  url={https://doi.org/10.1038/s41467-021-22539-9}
}

@article{cao2019quantum,
  title={Quantum Chemistry in the Age of Quantum Computing},
  author={Cao, Yudong and Romero, Jonathan and Olson, Jonathan P. and Degroote, Matthias and Johnson, Peter D. and M{\'{a}}rquez-Mayorga, Mikolas and Kieferov{\'{a}}, M{\'{a}}ria and de P. R. Aspuru-Guzik, Al{\'{a}}n},
  journal={Chemical Reviews},
  volume={119},
  number={19},
  pages={10856--10915},
  year={2019},
  publisher={ACS Publications},
  doi={10.1021/acs.chemrev.8b00803},
  url={https://doi.org/10.1021/acs.chemrev.8b00803}
}

@article{preskill2018quantum,
  title={Quantum Computing in the NISQ Era and Beyond},
  author={Preskill, John},
  journal={Quantum},
  volume={2},
  pages={79},
  year={2018},
  publisher={Verein zur F{\"o}rderung des Open Access Publizierens in den Quantenwissenschaften},
  doi={10.22331/q-2018-08-06-79},
  url={https://doi.org/10.22331/q-2018-08-06-79}
}

% QUANTUM COGNITION

@book{busemeyer2012quantum,
  title={Quantum Models of Cognition and Decision},
  author={Busemeyer, Jerome R. and Bruza, Peter D.},
  year={2012},
  publisher={Cambridge University Press},
  address={Cambridge, UK},
  doi={10.1017/CBO9780511997716},
  url={https://doi.org/10.1017/CBO9780511997716}
}

@article{pothos2013can,
  title={Can Quantum Probability Provide a New Direction for Cognitive Modeling?},
  author={Pothos, Emmanuel M. and Busemeyer, Jerome R.},
  journal={Behavioral and Brain Sciences},
  volume={36},
  number={3},
  pages={255--274},
  year={2013},
  publisher={Cambridge University Press},
  doi={10.1017/S0140525X12001525},
  url={https://doi.org/10.1017/S0140525X12001525}
}

@article{aerts2009quantum,
  title={Quantum Structure in Cognition},
  author={Aerts, Diederik},
  journal={Journal of Mathematical Psychology},
  volume={53},
  number={5},
  pages={314--348},
  year={2009},
  publisher={Elsevier},
  doi={10.1016/j.jmp.2009.04.005},
  url={https://doi.org/10.1016/j.jmp.2009.04.005}
}

@article{wang2015potential,
  title={The Potential of Using Quantum Theory to Build Models of Cognition},
  author={Wang, Zheng and Solloway, Tyler and Shiffrin, Richard M. and Busemeyer, Jerome R.},
  journal={Topics in Cognitive Science},
  volume={6},
  number={1},
  pages={65--78},
  year={2014},
  publisher={Wiley Online Library},
  doi={10.1111/tops.12070},
  url={https://doi.org/10.1111/tops.12070}
}

% OPTIMIZATION & STATISTICAL METHODS

@article{spall1992multivariate,
  title={Multivariate Stochastic Approximation Using a Simultaneous Perturbation Gradient Approximation},
  author={Spall, James C.},
  journal={IEEE Transactions on Automatic Control},
  volume={37},
  number={3},
  pages={332--341},
  year={1992},
  publisher={IEEE},
  doi={10.1109/9.119632},
  url={https://doi.org/10.1109/9.119632}
}

@article{robbins1951stochastic,
  title={A Stochastic Approximation Method},
  author={Robbins, Herbert and Monro, Sutton},
  journal={The Annals of Mathematical Statistics},
  volume={22},
  number={3},
  pages={400--407},
  year={1951},
  publisher={JSTOR},
  doi={10.1214/aoms/1177729586},
  url={https://doi.org/10.1214/aoms/1177729586}
}

% ADDITIONAL RELEVANT REFERENCES

@article{keng2011effect,
  title={Effects of Mindfulness on Psychological Health: A Review of Empirical Studies},
  author={Keng, Shian-Ling and Smoski, Moria J. and Robins, Clive J.},
  journal={Clinical Psychology Review},
  volume={31},
  number={6},
  pages={1041--1056},
  year={2011},
  publisher={Elsevier},
  doi={10.1016/j.cpr.2011.04.006},
  url={https://doi.org/10.1016/j.cpr.2011.04.006}
}

